@inproceedings{10.1145/3485730.3493448,
author = {Toussaint, Wiebke and Mathur, Akhil and Ding, Aaron Yi and Kawsar, Fahim},
title = {Characterising the Role of Pre-Processing Parameters in Audio-Based Embedded Machine Learning},
year = {2021},
isbn = {9781450390972},
publisher = {Association for Computing Machinery},
address = {New York, NY, USA},
url = {https://doi.org/10.1145/3485730.3493448},
doi = {10.1145/3485730.3493448},
booktitle = {Proceedings of the 19th ACM Conference on Embedded Networked Sensor Systems},
pages = {439–445},
numpages = {7},
keywords = {pre-processing parameters, audio keyword spotting, embedded machine learning, fairness},
location = {Coimbra, Portugal},
series = {SenSys '21}
}
@article{2019,
   title={SpecAugment: A Simple Data Augmentation Method for Automatic Speech Recognition},
   url={http://dx.doi.org/10.21437/Interspeech.2019-2680},
   DOI={10.21437/interspeech.2019-2680},
   journal={Interspeech 2019},
   publisher={ISCA},
   author={Park, Daniel S. and Chan, William and Zhang, Yu and Chiu, Chung-Cheng and Zoph, Barret and Cubuk, Ekin D. and Le, Quoc V.},
   year={2019},
   month={Sep}
}

@article{Hannun2014DeepSS,
  title={Deep Speech: Scaling up end-to-end speech recognition},
  author={Awni Y. Hannun and Carl Case and Jared Casper and Bryan Catanzaro and Gregory Frederick Diamos and Erich Elsen and Ryan J. Prenger and Sanjeev Satheesh and Shubho Sengupta and Adam Coates and A. Ng},
  journal={ArXiv},
  year={2014},
  volume={abs/1412.5567}
}

@article{Kim2021BroadcastedRL,
  title={Broadcasted Residual Learning for Efficient Keyword Spotting},
  author={Byeonggeun Kim and Simyung Chang and Jinkyu Lee and Dooyong Sung},
  journal={ArXiv},
  year={2021},
  volume={abs/2106.04140}
}
@misc{huang2018densely,
      title={Densely Connected Convolutional Networks}, 
      author={Gao Huang and Zhuang Liu and Laurens van der Maaten and Kilian Q. Weinberger},
      year={2018},
      eprint={1608.06993},
      archivePrefix={arXiv},
      primaryClass={cs.CV}
}

@article{electronics10040371,
AUTHOR = {Lee, Yerin and Lim, Soyoung and Kwak, Il-Youp},
TITLE = {CNN-Based Acoustic Scene Classification System},
JOURNAL = {Electronics},
VOLUME = {10},
YEAR = {2021},
NUMBER = {4},
ARTICLE-NUMBER = {371},
URL = {https://www.mdpi.com/2079-9292/10/4/371},
ISSN = {2079-9292},
DOI = {10.3390/electronics10040371}
}

@misc{he2015deep,
      title={Deep Residual Learning for Image Recognition}, 
      author={Kaiming He and Xiangyu Zhang and Shaoqing Ren and Jian Sun},
      year={2015},
      eprint={1512.03385},
      archivePrefix={arXiv},
      primaryClass={cs.CV}
}

@misc{koutini2019receptive,
      title={The Receptive Field as a Regularizer in Deep Convolutional Neural Networks for Acoustic Scene Classification}, 
      author={Khaled Koutini and Hamid Eghbal-zadeh and Matthias Dorfer and Gerhard Widmer},
      year={2019},
      eprint={1907.01803},
      archivePrefix={arXiv},
      primaryClass={cs.LG}
}

@ARTICLE{9043731,  author={Deng, Lei and Li, Guoqi and Han, Song and Shi, Luping and Xie, Yuan},  journal={Proceedings of the IEEE},   title={Model Compression and Hardware Acceleration for Neural Networks: A Comprehensive Survey},   year={2020},  volume={108},  number={4},  pages={485-532},  doi={10.1109/JPROC.2020.2976475}}

@misc{szegedy2015rethinking,
      title={Rethinking the Inception Architecture for Computer Vision}, 
      author={Christian Szegedy and Vincent Vanhoucke and Sergey Ioffe and Jonathon Shlens and Zbigniew Wojna},
      year={2015},
      eprint={1512.00567},
      archivePrefix={arXiv},
      primaryClass={cs.CV}
}

@misc{wu2017shift,
      title={Shift: A Zero FLOP, Zero Parameter Alternative to Spatial Convolutions}, 
      author={Bichen Wu and Alvin Wan and Xiangyu Yue and Peter Jin and Sicheng Zhao and Noah Golmant and Amir Gholaminejad and Joseph Gonzalez and Kurt Keutzer},
      year={2017},
      eprint={1711.08141},
      archivePrefix={arXiv},
      primaryClass={cs.CV}
}

@ARTICLE{1102314,  author={Klema, V. and Laub, A.},  journal={IEEE Transactions on Automatic Control},   title={The singular value decomposition: Its computation and some applications},   year={1980},  volume={25},  number={2},  pages={164-176},  doi={10.1109/TAC.1980.1102314}}

@misc{ye2018learning,
      title={Learning Compact Recurrent Neural Networks with Block-Term Tensor Decomposition}, 
      author={Jinmian Ye and Linnan Wang and Guangxi Li and Di Chen and Shandian Zhe and Xinqi Chu and Zenglin Xu},
      year={2018},
      eprint={1712.05134},
      archivePrefix={arXiv},
      primaryClass={cs.LG}
}

@inproceedings{10.5555/2969442.2969588,
author = {Courbariaux, Matthieu and Bengio, Yoshua and David, Jean-Pierre},
title = {BinaryConnect: Training Deep Neural Networks with Binary Weights during Propagations},
year = {2015},
publisher = {MIT Press},
address = {Cambridge, MA, USA},
booktitle = {Proceedings of the 28th International Conference on Neural Information Processing Systems - Volume 2},
pages = {3123–3131},
numpages = {9},
location = {Montreal, Canada},
series = {NIPS'15}
}

@misc{deng2018gxnornet,
      title={GXNOR-Net: Training deep neural networks with ternary weights and activations without full-precision memory under a unified discretization framework}, 
      author={Lei Deng and Peng Jiao and Jing Pei and Zhenzhi Wu and Guoqi Li},
      year={2018},
      eprint={1705.09283},
      archivePrefix={arXiv},
      primaryClass={cs.LG}
}

@INPROCEEDINGS{6986082,  author={Hwang, Kyuyeon and Sung, Wonyong},  booktitle={2014 IEEE Workshop on Signal Processing Systems (SiPS)},   title={Fixed-point feedforward deep neural network design using weights +1, 0, and −1},   year={2014},  volume={},  number={},  pages={1-6},  doi={10.1109/SiPS.2014.6986082}}

@misc{iandola2016squeezenet,
      title={SqueezeNet: AlexNet-level accuracy with 50x fewer parameters and <0.5MB model size}, 
      author={Forrest N. Iandola and Song Han and Matthew W. Moskewicz and Khalid Ashraf and William J. Dally and Kurt Keutzer},
      year={2016},
      eprint={1602.07360},
      archivePrefix={arXiv},
      primaryClass={cs.CV}
}

@misc{howard2017mobilenets,
      title={MobileNets: Efficient Convolutional Neural Networks for Mobile Vision Applications}, 
      author={Andrew G. Howard and Menglong Zhu and Bo Chen and Dmitry Kalenichenko and Weijun Wang and Tobias Weyand and Marco Andreetto and Hartwig Adam},
      year={2017},
      eprint={1704.04861},
      archivePrefix={arXiv},
      primaryClass={cs.CV}
}

@misc{sandler2019mobilenetv2,
      title={MobileNetV2: Inverted Residuals and Linear Bottlenecks}, 
      author={Mark Sandler and Andrew Howard and Menglong Zhu and Andrey Zhmoginov and Liang-Chieh Chen},
      year={2019},
      eprint={1801.04381},
      archivePrefix={arXiv},
      primaryClass={cs.CV}
}

@misc{howard2019searching,
      title={Searching for MobileNetV3}, 
      author={Andrew Howard and Mark Sandler and Grace Chu and Liang-Chieh Chen and Bo Chen and Mingxing Tan and Weijun Wang and Yukun Zhu and Ruoming Pang and Vijay Vasudevan and Quoc V. Le and Hartwig Adam},
      year={2019},
      eprint={1905.02244},
      archivePrefix={arXiv},
      primaryClass={cs.CV}
}

@misc{hinton2015distilling,
      title={Distilling the Knowledge in a Neural Network}, 
      author={Geoffrey Hinton and Oriol Vinyals and Jeff Dean},
      year={2015},
      eprint={1503.02531},
      archivePrefix={arXiv},
      primaryClass={stat.ML}
}

@ARTICLE{9186616,  author={Jung, Jee-Weon and Heo, Hee-Soo and Shim, Hye-Jin and Yu, Ha-Jin},  journal={IEEE Access},   title={Knowledge Distillation in Acoustic Scene Classification},   year={2020},  volume={8},  number={},  pages={166870-166879},  doi={10.1109/ACCESS.2020.3021711}}

@INPROCEEDINGS{8972333,  author={Onumanyi, A. J. and Abu-Mahfouz, A. M. and Hancke, G. P.},  booktitle={2019 IEEE 17th International Conference on Industrial Informatics (INDIN)},   title={Towards Cognitive Radio in Low Power Wide Area Network for Industrial IoT Applications},   year={2019},  volume={1},  number={},  pages={947-950},  doi={10.1109/INDIN41052.2019.8972333}}

@ARTICLE{8792213,  author={Liu, Chang and Wang, Jie and Liu, Xuemeng and Liang, Ying-Chang},  journal={IEEE Journal on Selected Areas in Communications},   title={Deep CM-CNN for Spectrum Sensing in Cognitive Radio},   year={2019},  volume={37},  number={10},  pages={2306-2321},  doi={10.1109/JSAC.2019.2933892}}

@ARTICLE{8480446,  author={Chen, Min and Miao, Yiming and Jian, Xin and Wang, Xiaofei and Humar, Iztok},  journal={IEEE Transactions on Green Communications and Networking},   title={Cognitive-LPWAN: Towards Intelligent Wireless Services in Hybrid Low Power Wide Area Networks},   year={2019},  volume={3},  number={2},  pages={409-417},  doi={10.1109/TGCN.2018.2873783}}

@article{RN197,
   author = {Shan, W. and Yang, M. and Wang, T. and Lu, Y. and Cai, H. and Zhu, L. and Xu, J. and Wu, C. and Shi, L. and Yang, J.},
   title = {A 510-nW Wake-Up Keyword-Spotting Chip Using Serial-FFT-Based MFCC and Binarized Depthwise Separable CNN in 28-nm CMOS},
   journal = {IEEE Journal of Solid-State Circuits},
   volume = {56},
   number = {1},
   pages = {151-164},
   ISSN = {1558-173X},
   DOI = {10.1109/JSSC.2020.3029097},
   year = {2021},
   type = {Journal Article}
}
@INPROCEEDINGS{9527865,  author={Andreadis, Alessandro and Giambene, Giovanni and Zambon, Riccardo},  booktitle={2021 IEEE International Black Sea Conference on Communications and Networking (BlackSeaCom)},   title={Convolutional Neural Networks for audio classification on ultra low power IoT devices},   year={2021},  volume={},  number={},  pages={1-6},  doi={10.1109/BlackSeaCom52164.2021.9527865}}

@article{75b8d541944c436189a449570b9d92f9,
title = "Efficiently Classifying Lung Sounds through Depthwise Separable CNN Models with Fused STFT and MFCC Features",
keywords = "Automatic auscultations, Convolutional neural network, Depthwise separable convolution, Feature extraction, Lung sounds",
author = "Jung, {Shing Yun} and Liao, {Chia Hung} and Wu, {Yu Sheng} and Shyan-Ming Yuan and Chuen-Tsai Sun",
note = "Publisher Copyright: {\textcopyright} 2021 by the authors. Licensee MDPI, Basel, Switzerland.",
year = "2021",
month = apr,
day = "20",
doi = "10.3390/diagnostics11040732",
language = "English",
volume = "11",
journal = "Diagnostics",
issn = "2075-4418",
publisher = "MDPI AG",
number = "4",
}

@article{RN200,
   author = {Stowell, D. and Giannoulis, D. and Benetos, E. and Lagrange, M. and Plumbley, M. D.},
   title = {Detection and Classification of Acoustic Scenes and Events},
   journal = {IEEE Transactions on Multimedia},
   volume = {17},
   number = {10},
   pages = {1733-1746},
   ISSN = {1941-0077},
   DOI = {10.1109/TMM.2015.2428998},
   year = {2015},
   type = {Journal Article}
}

@inproceedings{RN202,
   author = {Cerutti, G. and Prasad, R. and Farella, E.},
   title = {Convolutional Neural Network on Embedded Platform for People Presence Detection in Low Resolution Thermal Images},
   booktitle = {ICASSP 2019 - 2019 IEEE International Conference on Acoustics, Speech and Signal Processing (ICASSP)},
   pages = {7610-7614},
   ISBN = {2379-190X},
   DOI = {10.1109/ICASSP.2019.8682998},
   type = {Conference Proceedings}
}
@misc{lin2020mcunet,
      title={MCUNet: Tiny Deep Learning on IoT Devices}, 
      author={Ji Lin and Wei-Ming Chen and Yujun Lin and John Cohn and Chuang Gan and Song Han},
      year={2020},
      eprint={2007.10319},
      archivePrefix={arXiv},
      primaryClass={cs.CV}
}
@article{GAO2021154,
title = {Residual error based knowledge distillation},
journal = {Neurocomputing},
volume = {433},
pages = {154-161},
year = {2021},
issn = {0925-2312},
doi = {https://doi.org/10.1016/j.neucom.2020.10.113},
url = {https://www.sciencedirect.com/science/article/pii/S0925231220318117},
author = {Mengya Gao and Yujun Wang and Liang Wan},
keywords = {Model compression, Knowledge distillation, Residual learning},
}

@article{DBLP:journals/corr/abs-2012-09816,
  author    = {Zeyuan Allen{-}Zhu and
               Yuanzhi Li},
  title     = {Towards Understanding Ensemble, Knowledge Distillation and Self-Distillation
               in Deep Learning},
  journal   = {CoRR},
  volume    = {abs/2012.09816},
  year      = {2020},
  url       = {https://arxiv.org/abs/2012.09816},
  eprinttype = {arXiv},
  eprint    = {2012.09816},
  timestamp = {Sun, 03 Jan 2021 18:46:06 +0100},
  biburl    = {https://dblp.org/rec/journals/corr/abs-2012-09816.bib},
  bibsource = {dblp computer science bibliography, https://dblp.org}
}

@ARTICLE{6717991,  author={Yin, Shen and Ding, Steven X. and Xie, Xiaochen and Luo, Hao},  journal={IEEE Transactions on Industrial Electronics},   title={A Review on Basic Data-Driven Approaches for Industrial Process Monitoring},   year={2014},  volume={61},  number={11},  pages={6418-6428},  doi={10.1109/TIE.2014.2301773}}

@INPROCEEDINGS{8539100,  author={Sommer, Philipp and Maret, Yannick and Dzung, Dacfey},  booktitle={2018 IEEE International Conference on Industrial Internet (ICII)},   title={Low-Power Wide-Area Networks for Industrial Sensing Applications},   year={2018},  volume={},  number={},  pages={23-32},  doi={10.1109/ICII.2018.00011}}

@article{RAY2018291,
title = {A survey on Internet of Things architectures},
journal = {Journal of King Saud University - Computer and Information Sciences},
volume = {30},
number = {3},
pages = {291-319},
year = {2018},
issn = {1319-1578},
doi = {https://doi.org/10.1016/j.jksuci.2016.10.003},
url = {https://www.sciencedirect.com/science/article/pii/S1319157816300799},
author = {P.P. Ray}
}

@inproceedings{10.1145/3410992.3411014,
author = {Sudharsan, Bharath and Breslin, John G. and Ali, Muhammad Intizar},
title = {Edge2Train: A Framework to Train Machine Learning Models (SVMs) on Resource-Constrained IoT Edge Devices},
year = {2020},
isbn = {9781450387583},
publisher = {Association for Computing Machinery},
address = {New York, NY, USA},
url = {https://doi.org/10.1145/3410992.3411014},
doi = {10.1145/3410992.3411014},
articleno = {6},
numpages = {8},
keywords = {self-learning IoT edge, real-time machine learning, embedded C, intelligent microcontrollers},
location = {Malm\"{o}, Sweden},
series = {IoT '20}
}


@article{doi:10.1177/1550147719853984,
author = {Ruben Sánchez-Corcuera and Adrián Nuñez-Marcos and Jesus Sesma-Solance and Aritz Bilbao-Jayo and Rubén Mulero and Unai Zulaika and Gorka Azkune and Aitor Almeida},
title ={Smart cities survey: Technologies, application domains and challenges for the cities of the future},
journal = {International Journal of Distributed Sensor Networks},
volume = {15},
number = {6},
pages = {1550147719853984},
year = {2019},
doi = {10.1177/1550147719853984},

URL = { 
        https://doi.org/10.1177/1550147719853984
    
},
eprint = { 
        https://doi.org/10.1177/1550147719853984
    
}
}

@article{article,
author = {Alkandari, Abdulrahman and Alnasheet, Meshal and Alshekhly, Imad},
year = {2012},
month = {01},
pages = {},
title = {Smart Cities: Survey},
volume = {2},
journal = {Journal of Advanced Computer Science and Technology Research}
}
@ARTICLE{8824092,  
author={Zhu, Fenghua and Lv, Yisheng and Chen, Yuanyuan and Wang, Xiao and Xiong, Gang and Wang, Fei-Yue},  
journal={IEEE Transactions on Intelligent Transportation Systems},   
title={Parallel Transportation Systems: Toward IoT-Enabled Smart Urban Traffic Control and Management},   
year={2020},  
volume={21},  
number={10},  
pages={4063-4071},  
doi={10.1109/TITS.2019.2934991}
}
@article{1234,
author = {Xu, Dianlei and Li, Tong and Li, Yong and Su, Xiang and Tarkoma, Sasu and Jiang, Tao and Crowcroft, Jon and Hui, Pan},
year = {2021},
month = {11},
pages = {1778-1837},
title = {Edge Intelligence: Empowering Intelligence to the Edge of Network},
volume = {109},
journal = {Proceedings of the IEEE},
doi = {10.1109/JPROC.2021.3119950}
}

@article{MEKKI20191,
title = {A comparative study of LPWAN technologies for large-scale IoT deployment},
journal = {ICT Express},
volume = {5},
number = {1},
pages = {1-7},
year = {2019},
issn = {2405-9595},
doi = {https://doi.org/10.1016/j.icte.2017.12.005},
url = {https://www.sciencedirect.com/science/article/pii/S2405959517302953},
author = {Kais Mekki and Eddy Bajic and Frederic Chaxel and Fernand Meyer},
keywords = {Internet of Things, LPWAN, LoRa, Sigfox, NB-IoT}
}

@INPROCEEDINGS{9157588,  author={Chen, Yinpeng and Dai, Xiyang and Liu, Mengchen and Chen, Dongdong and Yuan, Lu and Liu, Zicheng},  booktitle={2020 IEEE/CVF Conference on Computer Vision and Pattern Recognition (CVPR)},   title={Dynamic Convolution: Attention Over Convolution Kernels},   year={2020},  volume={},  number={},  pages={11027-11036},  doi={10.1109/CVPR42600.2020.01104}}

@INPROCEEDINGS{9259375,  author={Fahmida, Sezana and Modekurthy, Venkata P and Rahman, Mahbubur and Saifullah, Abusayeed and Brocanelli, Marco},  booktitle={2020 IEEE 28th International Conference on Network Protocols (ICNP)},   title={Long-Lived LoRa: Prolonging the Lifetime of a LoRa Network},   year={2020},  volume={},  number={},  pages={1-12},  doi={10.1109/ICNP49622.2020.9259375}}

@INPROCEEDINGS{9259397,  author={Hu, Bin and Yin, Zhimeng and Wang, Shuai and Xu, Zhuqing and He, Tian},  booktitle={2020 IEEE 28th International Conference on Network Protocols (ICNP)},   title={SCLoRa: Leveraging Multi-Dimensionality in Decoding Collided LoRa Transmissions},   year={2020},  volume={},  number={},  pages={1-11},  doi={10.1109/ICNP49622.2020.9259397}}

@INPROCEEDINGS{9212919,  author={Chen, Gonglong and Lv, Jiamei and Dong, Wei},  booktitle={2020 IEEE/ACM 28th International Symposium on Quality of Service (IWQoS)},   title={Exploiting Rateless Codes and Cross-Layer Optimization for Low-Power Wide-Area Networks},   year={2020},  volume={},  number={},  pages={1-9},  doi={10.1109/IWQoS49365.2020.9212919}}
